
@article{baystdetect,
  title={BaySTDetect: detecting unusual temporal patterns in small area data via Bayesian model choice},
  author={Li, Guangquan and Best, Nicky and Hansell, Anna L and Ahmed, Ismail and Richardson, Sylvia},
  journal={Biostatistics},
  pages={kxs005},
  year={2012},
  publisher={Biometrika Trust}
}

@article{stability,
  title={Use of space-time models to investigate the stability of patterns of disease},
  author={Abellan, Juan Jose and Richardson, Sylvia and Best, Nicky},
  journal={Environmental Health Perspectives},
  volume={116},
  number={8},
  pages={1111},
  year={2008},
  publisher={National Institute of Environmental Health Sciences}
}

@article{bym,
  title={Bayesian image restoration with two applications in spatial statistics (with discussion) Ann Inst Stat Math. 1991; 43: 1--59. doi: 10.1007},
  author={Besag, J and York, J and Mollie, A},
  year={1991},
  journal={BF00116466.[Cross Ref]}
}

@article{best2005comparison,
  title={A comparison of Bayesian spatial models for disease mapping},
  author={Best, Nicky and Richardson, Sylvia and Thomson, Andrew},
  journal={Statistical methods in medical research},
  volume={14},
  number={1},
  pages={35--59},
  year={2005},
  publisher={Sage Publications Sage CA: Thousand Oaks, CA}
}

@book{gelman2006data,
  title={Data analysis using regression and multilevel/hierarchical models},
  author={Gelman, Andrew and Hill, Jennifer},
  year={2006},
  publisher={Cambridge university press}
}

@book{bda3,
  title={Bayesian data analysis},
  author={Gelman, Andrew and Carlin, John B and Stern, Hal S and Rubin, Donald B},
  volume={2},
  year={2014},
  publisher={Chapman \& Hall/CRC Boca Raton, FL, USA}
}

@Misc{pystan,
    title = {PyStan: the Python interface to Stan},
    author = {{Stan Development Team}},
    note = {Version 2.14.0.0},
    year = {2016},
    url = {http://mc-stan.org/},
  }

@Misc{stan,
    title = {Stan Modeling Language Users Guide and Reference Manual},
    author = {{Stan Development Team}},
    note = {Version 2.14.0},
    year = {2016},
    url = {http://mc-stan.org/},
  }

@article{betancourt2015hamiltonian,
  title={Hamiltonian Monte Carlo for hierarchical models},
  author={Betancourt, Michael and Girolami, Mark},
  journal={Current trends in Bayesian methodology with applications},
  volume={79},
  pages={30},
  year={2015},
  publisher={Chapman and Hall/CRC}
}

@article{pymc3,
  title={Probabilistic programming in Python using PyMC3},
  author={Salvatier, John and Wiecki, Thomas V and Fonnesbeck, Christopher},
  journal={PeerJ Computer Science},
  volume={2},
  pages={e55},
  year={2016},
  publisher={PeerJ Inc.}
}

@article{betancourt2016identifying,
  title={Identifying the Optimal Integration Time in Hamiltonian Monte Carlo},
  author={Betancourt, Michael},
  journal={arXiv preprint arXiv:1601.00225},
  year={2016}
}


@Misc{car,
    title = {Exact sparse CAR models in Stan},
    author = {Max {Joseph}},
    year = 2016,
    url = {http://mc-stan.org/documentation/case-studies/mbjoseph-CARStan.html},
}

@article{banerjee,
  title={Frailty modeling for spatially correlated survival data, with application to infant mortality in Minnesota},
  author={Banerjee, Sudipto and Wall, Melanie M and Carlin, Bradley P},
  journal={Biostatistics},
  volume={4},
  number={1},
  pages={123--142},
  year={2003},
  publisher={Biometrika Trust}
}

@article{stoch,
  title={Stochastic Gradient Descent as Approximate Bayesian Inference},
  author={Mandt, Stephan and Hoffman, Matthew D and Blei, David M},
  journal={arXiv preprint arXiv:1704.04289},
  year={2017}
}

@article{ng,
  title={On discriminative vs. generative classifiers: A comparison of logistic regression and naive bayes},
  author={Ng, Andrew Y and Jordan, Michael I},
  journal={Advances in neural information processing systems},
  volume={2},
  pages={841--848},
  year={2002},
  publisher={MIT; 1998}
}

@book{vapnik,
  title={Statistical learning theory},
  author={Vapnik, Vladimir Naumovich and Vapnik, Vlamimir},
  volume={1},
  year={1998},
  publisher={Wiley New York}
}

@article{scan,
  title={A spatial scan statistic},
  author={Kulldorff, Martin},
  journal={Communications in Statistics-Theory and methods},
  volume={26},
  number={6},
  pages={1481--1496},
  year={1997},
  publisher={Taylor \& Francis}
}
@article{page,
  title={Continuous inspection schemes},
  author={Page, ES},
  journal={Biometrika},
  volume={41},
  number={1/2},
  pages={100--115},
  year={1954},
  publisher={JSTOR}
}
@Article{shape,
  title = {Computing the Jacobian in Gaussian spatial autoregressive models: An illustrated comparison of available methods},
  author = {Roger Bivand and Jan Hauke and Tomasz Kossowski},
  journal = {Geographical Analysis},
  year = {2013},
  volume = {45},
  number = {2},
  pages = {150--179},
  url = {http://www.jstatsoft.org/v63/i18/},
}
@Manual{shaperead,
  title = {rgdal: Bindings for the Geospatial Data Abstraction Library},
  author = {Roger Bivand and Tim Keitt and Barry Rowlingson},
  year = {2015},
  note = {R package version 0.9-2},
  url = {http://CRAN.R-project.org/package=rgdal},
}
@article{mei,
  title={Early detection of a change in Poisson rate after accounting for population size effects},
  author={Mei, Yajun and Han, Sung Won and Tsui, Kwok-Leung},
  journal={Statistica Sinica},
  pages={597--624},
  year={2011},
  publisher={JSTOR}
}
@article{weighed,
  title={Weighed CUSUM control charts for monitoring inhomogeneous poisson processes with varying sample sizes},
  author={Jiang, Wei and Shu, Lian Jie and Tsui, Kwok Leung},
  journal={Journal of quality technology},
  volume={43},
  number={4},
  pages={346--362},
  year={2011}
}
@article{ritov1990,
author = "Ritov, Y.",
doi = "10.1214/aos/1176347761",
fjournal = "The Annals of Statistics",
journal = "Ann. Statist.",
month = "09",
number = "3",
pages = "1464--1469",
publisher = "The Institute of Mathematical Statistics",
title = "Decision Theoretic Optimality of the Cusum Procedure",
url = "http://dx.doi.org/10.1214/aos/1176347761",
volume = "18",
year = "1990"
}
@article{gandy,
  title={Guaranteed conditional performance of control charts via bootstrap methods},
  author={Gandy, Axel and Kvaloy, Jan Terje},
  journal={Scandinavian Journal of Statistics},
  volume={40},
  number={4},
  pages={647--668},
  year={2013},
  publisher={Wiley Online Library}
}
@article{raubertas,
  title={An analysis of disease surveillance data that uses the geographic locations of the reporting units},
  author={Raubertas, Richard F},
  journal={Statistics in Medicine},
  volume={8},
  number={3},
  pages={267--271},
  year={1989},
  publisher={Wiley Online Library}
}
@article{spatialcusum,
  title={Spatial CUSUM Chart Based Method for Rapid Detection of Outbreaks.},
  author={Dassanayaka, Sesha K},
  journal={Online journal of public health informatics},
  volume={7},
  number={1},
  year={2014},
  publisher={University of Illinois at Chicago Library}
}
@article{spline,
  title={Bayesian analysis for penalized spline regression using Win BUGS},
  author={Crainiceanu, Ciprian M and Ruppert, David and Wand, Matthew P},
  year={2007}
}
@article{splinecompare,
  title={Comparing CAR and P-spline models in spatial disease mapping},
  author={Goicoa, T and Ugarte, MD and Etxeberria, J and Militino, AF},
  journal={Environmental and Ecological Statistics},
  pages={1--27},
  year={2012},
  publisher={Springer}
}
@book{banerjeebook,
  title={Hierarchical modeling and analysis for spatial data},
  author={Banerjee, Sudipto and Carlin, Bradley P and Gelfand, Alan E},
  year={2014},
  publisher={Crc Press}
}
@book{bugs,
  title={The BUGS book: A practical introduction to Bayesian analysis},
  author={Lunn, David and Jackson, Chris and Best, Nicky and Thomas, Andrew and Spiegelhalter, David},
  year={2012},
  publisher={CRC press}
}
@article{lipcancer,
  title={Empirical Bayes estimates of age-standardized relative risks for use in disease mapping},
  author={Clayton, David and Kaldor, John},
  journal={Biometrics},
  pages={671--681},
  year={1987},
  publisher={JSTOR}
}
@article{gelmancut,
  title={workaround for cut() function? -- comments},
  author={Gelman, Andrew},
  url={https://groups.google.com/forum/#!msg/stan-users/ruxPAhBPI4A/SrsbM-rese0J},
  year={2013},
  publisher={Stan mailing list}
}
@article{gelman2006prior,
  title={Prior distributions for variance parameters in hierarchical models (comment on article by Browne and Draper)},
  author={Gelman, Andrew and others},
  journal={Bayesian analysis},
  volume={1},
  number={3},
  pages={515--534},
  year={2006},
  publisher={International Society for Bayesian Analysis}
}
@article{plummer2015cuts,
  title={Cuts in Bayesian graphical models},
  author={Plummer, Martyn},
  journal={Statistics and Computing},
  volume={25},
  number={1},
  pages={37--43},
  year={2015},
  publisher={Springer}
}
@article{rao,
  title={Rao-Blackwellisation of sampling schemes},
  author={Casella, George and Robert, Christian P},
  journal={Biometrika},
  volume={83},
  number={1},
  pages={81--94},
  year={1996},
  publisher={Biometrika Trust}
}
@article{betancourt2015hamiltonian,
  title={Hamiltonian Monte Carlo for hierarchical models},
  author={Betancourt, Michael and Girolami, Mark},
  journal={Current trends in Bayesian methodology with applications},
  volume={79},
  pages={30},
  year={2015},
  publisher={Chapman and Hall/CRC}
}
@article{lunn,
  title={Combining MCMC with sequential PKPD modelling},
  author={Lunn, David and Best, Nicky and Spiegelhalter, David and Graham, Gordon and Neuenschwander, Beat},
  journal={Journal of Pharmacokinetics and Pharmacodynamics},
  volume={36},
  number={1},
  pages={19},
  year={2009},
  publisher={Springer}
}
@article{conceptual,
  title={A Conceptual Introduction to Hamiltonian Monte Carlo},
  author={Betancourt, Michael},
  journal={arXiv preprint arXiv:1701.02434},
  year={2017}
}
@article{geometric,
  title={The geometric foundations of Hamiltonian Monte Carlo},
  author={Betancourt, Michael and Byrne, Simon and Livingstone, Sam and Girolami, Mark and others},
  journal={Bernoulli},
  volume={23},
  number={4A},
  pages={2257--2298},
  year={2017},
  publisher={Bernoulli Society for Mathematical Statistics and Probability}
}
